@inproceedings{pinocchio,
	author = {Mell, Johnathan and Gratch, Jonathan},
	title = { {Grumpy & Pinocchio: Answering Human-Agent Negotia-tion Questions through Realistic Agent Design}},
	booktitle = {Proceedings of the 16th Conference on Autonomous Agents and MultiAgent Systems},
	address = {SÃ£o Paulo, Brazil},
	month = {8-12 May},
	year = {2017}
}


@inproceedings{iago,
	author = {Mell, Johnathan and Gratch, Jonathan},
	title = { {IAGO: Interactive Arbitration Guide Online (Demonstration)}},
	booktitle = {Proceedings of the 2016 International Conference on Autonomous Agents & Multiagent Systems},
	address = {Singapore},
	month = {9-13 May},
	year = {2016}
}
